<record><leader>00000cas a2200000 a 4500</leader><controlfield tag="001">11336643</controlfield><controlfield tag="008">841101d19741980ksuwr ne      0   a0eng d</controlfield><datafield ind1=" " ind2=" " tag="010"><subfield code="a">sn 84030181 </subfield></datafield><datafield ind1=" " ind2=" " tag="040"><subfield code="a">KSH</subfield><subfield code="b">eng</subfield><subfield code="c">KSH</subfield><subfield code="d">NPT</subfield><subfield code="d">OCL</subfield><subfield code="d">OCLCQ</subfield></datafield><datafield ind1=" " ind2=" " tag="042"><subfield code="a">msc</subfield></datafield><datafield ind1="0" ind2=" " tag="130"><subfield code="a">Junction City news (Junction City, Kan.)</subfield></datafield><datafield ind1="1" ind2="4" tag="245"><subfield code="a">The Junction City news.</subfield></datafield><datafield ind1=" " ind2=" " tag="260"><subfield code="a">Junction City, Kan. :</subfield><subfield code="b">John G. Montgomery,</subfield><subfield code="c">1974-1980.</subfield></datafield><datafield ind1=" " ind2=" " tag="300"><subfield code="a">6 v. :</subfield><subfield code="b">ill. ;</subfield><subfield code="c">58 cm.</subfield></datafield><datafield ind1=" " ind2=" " tag="310"><subfield code="a">Weekly</subfield></datafield><datafield ind1="0" ind2=" " tag="362"><subfield code="a">July 17, 1974-Mar. 26, 1980.</subfield></datafield><datafield ind1=" " ind2=" " tag="580"><subfield code="a">Issued also in a daily edition called: Daily union (Junction City, Kan.).</subfield></datafield><datafield ind1=" " ind2=" " tag="752"><subfield code="a">United States</subfield><subfield code="b">Kansas</subfield><subfield code="c">Geary</subfield><subfield code="d">Junction City.</subfield></datafield><datafield ind1="1" ind2=" " tag="775"><subfield code="t">Daily union (Junction City, Kan.)</subfield><subfield code="w">(DLC)sn 83007464</subfield></datafield><datafield ind1="0" ind2="0" tag="780"><subfield code="t">Junction City weekly union (Junction City, Kan. : 1959)</subfield><subfield code="w">(DLC)sn 84030182</subfield></datafield><datafield ind1="0" ind2="7" tag="785"><subfield code="t">Junction City republic</subfield><subfield code="w">(DLC)sn 82014020</subfield></datafield><datafield ind1="0" ind2="7" tag="785"><subfield code="t">Junction City republic and the Junction City news</subfield><subfield code="w">(DLC)sn 84030133</subfield></datafield></record>